@Manual{R-bannerCommenter,
  title = {bannerCommenter: Make Banner Comments with a Consistent Format},
  author = {Bill Venables},
  year = {2021},
  note = {R package version 1.0.0},
  url = {https://CRAN.R-project.org/package=bannerCommenter},
}

@Manual{R-base,
  title = {R: A Language and Environment for Statistical Computing},
  author = {{R Core Team}},
  organization = {R Foundation for Statistical Computing},
  address = {Vienna, Austria},
  year = {2021},
  url = {https://www.R-project.org/},
}

@Manual{R-bookdown,
  title = {bookdown: Authoring Books and Technical Documents with R Markdown},
  author = {Yihui Xie},
  year = {2021},
  note = {R package version 0.22},
  url = {https://CRAN.R-project.org/package=bookdown},
}

@Manual{R-canvasXpress,
  title = {canvasXpress: Visualization Package for CanvasXpress in R},
  author = {Isaac Neuhaus and Connie Brett},
  year = {2021},
  note = {R package version 1.32.9},
  url = {https://github.com/neuhausi/canvasXpress},
}

@Manual{R-data.table,
  title = {data.table: Extension of `data.frame`},
  author = {Matt Dowle and Arun Srinivasan},
  year = {2021},
  note = {R package version 1.14.0},
  url = {https://CRAN.R-project.org/package=data.table},
}

@Manual{R-devtools,
  title = {devtools: Tools to Make Developing R Packages Easier},
  author = {Hadley Wickham and Jim Hester and Winston Chang},
  year = {2021},
  note = {R package version 2.4.0},
  url = {https://CRAN.R-project.org/package=devtools},
}

@Manual{R-DT,
  title = {DT: A Wrapper of the JavaScript Library DataTables},
  author = {Yihui Xie and Joe Cheng and Xianying Tan},
  year = {2021},
  note = {R package version 0.18},
  url = {https://github.com/rstudio/DT},
}

@Manual{R-flexdashboard,
  title = {flexdashboard: R Markdown Format for Flexible Dashboards},
  author = {Richard Iannone and JJ Allaire and Barbara Borges},
  year = {2020},
  note = {R package version 0.5.2},
  url = {http://rmarkdown.rstudio.com/flexdashboard},
}

@Manual{R-formattable,
  title = {formattable: Create Formattable Data Structures},
  author = {Kun Ren and Kenton Russell},
  year = {2021},
  note = {R package version 0.2.1},
  url = {https://CRAN.R-project.org/package=formattable},
}

@Manual{R-htmltools,
  title = {htmltools: Tools for HTML},
  author = {Joe Cheng and Carson Sievert and Winston Chang and Yihui Xie and Jeff Allen},
  year = {2021},
  note = {R package version 0.5.1.1},
  url = {https://github.com/rstudio/htmltools},
}

@Manual{R-htmlwidgets,
  title = {htmlwidgets: HTML Widgets for R},
  author = {Ramnath Vaidyanathan and Yihui Xie and JJ Allaire and Joe Cheng and Carson Sievert and Kenton Russell},
  year = {2020},
  note = {R package version 1.5.3},
  url = {https://github.com/ramnathv/htmlwidgets},
}

@Manual{R-kableExtra,
  title = {kableExtra: Construct Complex Table with kable and Pipe Syntax},
  author = {Hao Zhu},
  year = {2021},
  note = {R package version 1.3.4},
  url = {https://CRAN.R-project.org/package=kableExtra},
}

@Manual{R-knitr,
  title = {knitr: A General-Purpose Package for Dynamic Report Generation in R},
  author = {Yihui Xie},
  year = {2021},
  note = {R package version 1.33},
  url = {https://yihui.org/knitr/},
}

@Manual{R-leaflet,
  title = {leaflet: Create Interactive Web Maps with the JavaScript Leaflet
Library},
  author = {Joe Cheng and Bhaskar Karambelkar and Yihui Xie},
  year = {2021},
  note = {R package version 2.0.4.1},
  url = {https://rstudio.github.io/leaflet/},
}

@Manual{R-leaflet.providers,
  title = {leaflet.providers: Leaflet Providers},
  author = {Leslie Huang},
  year = {2019},
  note = {R package version 1.9.0},
  url = {https://github.com/rstudio/leaflet.providers},
}

@Manual{R-rmarkdown,
  title = {rmarkdown: Dynamic Documents for R},
  author = {JJ Allaire and Yihui Xie and Jonathan McPherson and Javier Luraschi and Kevin Ushey and Aron Atkins and Hadley Wickham and Joe Cheng and Winston Chang and Richard Iannone},
  year = {2021},
  note = {R package version 2.8},
  url = {https://CRAN.R-project.org/package=rmarkdown},
}

@Manual{R-sparkline,
  title = {sparkline: jQuery Sparkline htmlwidget},
  author = {Ramnath Vaidyanathan and Kent Russell and Gareth Watts},
  year = {2016},
  note = {R package version 2.0},
  url = {https://CRAN.R-project.org/package=sparkline},
}

@Manual{R-tidyr,
  title = {tidyr: Tidy Messy Data},
  author = {Hadley Wickham},
  year = {2021},
  note = {R package version 1.1.3},
  url = {https://CRAN.R-project.org/package=tidyr},
}

@Manual{R-usethis,
  title = {usethis: Automate Package and Project Setup},
  author = {Hadley Wickham and Jennifer Bryan},
  year = {2021},
  note = {R package version 2.0.1},
  url = {https://CRAN.R-project.org/package=usethis},
}

@Manual{R-widgetframe,
  title = {widgetframe: Htmlwidgets in Responsive iframes},
  author = {Bhaskar Karambelkar},
  year = {2017},
  note = {R package version 0.3.1},
  url = {https://CRAN.R-project.org/package=widgetframe},
}

@Book{bookdown2016,
  title = {bookdown: Authoring Books and Technical Documents with {R} Markdown},
  author = {Yihui Xie},
  publisher = {Chapman and Hall/CRC},
  address = {Boca Raton, Florida},
  year = {2016},
  note = {ISBN 978-1138700109},
  url = {https://bookdown.org/yihui/bookdown},
}

@Book{knitr2015,
  title = {Dynamic Documents with {R} and knitr},
  author = {Yihui Xie},
  publisher = {Chapman and Hall/CRC},
  address = {Boca Raton, Florida},
  year = {2015},
  edition = {2nd},
  note = {ISBN 978-1498716963},
  url = {https://yihui.org/knitr/},
}

@InCollection{knitr2014,
  booktitle = {Implementing Reproducible Computational Research},
  editor = {Victoria Stodden and Friedrich Leisch and Roger D. Peng},
  title = {knitr: A Comprehensive Tool for Reproducible Research in {R}},
  author = {Yihui Xie},
  publisher = {Chapman and Hall/CRC},
  year = {2014},
  note = {ISBN 978-1466561595},
  url = {http://www.crcpress.com/product/isbn/9781466561595},
}

@Book{rmarkdown2018,
  title = {R Markdown: The Definitive Guide},
  author = {Yihui Xie and J.J. Allaire and Garrett Grolemund},
  publisher = {Chapman and Hall/CRC},
  address = {Boca Raton, Florida},
  year = {2018},
  note = {ISBN 9781138359338},
  url = {https://bookdown.org/yihui/rmarkdown},
}

@Book{rmarkdown2020,
  title = {R Markdown Cookbook},
  author = {Yihui Xie and Christophe Dervieux and Emily Riederer},
  publisher = {Chapman and Hall/CRC},
  address = {Boca Raton, Florida},
  year = {2020},
  note = {ISBN 9780367563837},
  url = {https://bookdown.org/yihui/rmarkdown-cookbook},
}

